@article{annOutliers,
  title   = {The effects of outliers data on neural network performance},
  author  = {Khamis, Azme and Ismail, Zuhaimy and Haron, Khalid and Tarmizi Mohammed, Ahmad},
  journal = {Journal of Applied Sciences},
  volume  = {5},
  number  = {8},
  pages   = {1394--1398},
  year    = {2005}
}