@misc{measuresInterpretation,
  author       = {Bex T.},
  title        = {Comprehensive Guide to Multiclass Classification Metrics},
  month        = jun,
  year         = {},
  howpublished = {\url{https://towardsdatascience.com/comprehensive-guide-on-multiclass-classification-metrics-af94cfb83fbd}}
}

@article{greenwade93,
  author  = {George Greenwade},
  title   = {The {C}omprehensive {T}ex {A}rchive {N}etwork ({CTAN})},
  year    = {1993},
  journal = {TUGBoat},
  volume  = {14},
  number  = {3},
  pages   = {342--351}
}